
@article{librado_etal21,
  title = {The Origins and Spread of Domestic Horses from the {{Western Eurasian}} Steppes},
  author = {Librado, Pablo and Khan, Naveed and Fages, Antoine and Kusliy, Mariya A. and Suchan, Tomasz and Tonasso-Calvière, Laure and Schiavinato, Stéphanie and Alioglu, Duha and Fromentier, Aurore and Perdereau, Aude and Aury, Jean-Marc and Gaunitz, Charleen and Chauvey, Lorelei and Seguin-Orlando, Andaine and Der Sarkissian, Clio and Southon, John and Shapiro, Beth and Tishkin, Alexey A. and Kovalev, Alexey A. and Alquraishi, Saleh and Alfarhan, Ahmed H. and Al-Rasheid, Khaled A. S. and Seregély, Timo and Klassen, Lutz and Iversen, Rune and Bignon-Lau, Olivier and Bodu, Pierre and Olive, Monique and Castel, Jean-Christophe and Boudadi-Maligne, Myriam and Alvarez, Nadir and Germonpré, Mietje and Moskal-del Hoyo, Magdalena and Wilczyński, Jarosław and Pospuła, Sylwia and Lasota-Kuś, Anna and Tunia, Krzysztof and Nowak, Marek and Rannamäe, Eve and Saarma, Urmas and Boeskorov, Gennady and Lōugas, Lembi and Kyselý, René and Peške, Lubomír and Bălășescu, Adrian and Dumitrașcu, Valentin and Dobrescu, Roxana and Gerber, Daniel and Kiss, Viktória and Szécsényi-Nagy, Anna and Mende, Balázs G. and Gallina, Zsolt and Somogyi, Krisztina and Kulcsár, Gabriella and Gál, Erika and Bendrey, Robin and Allentoft, Morten E. and Sirbu, Ghenadie and Dergachev, Valentin and Shephard, Henry and Tomadini, Noémie and Grouard, Sandrine and Kasparov, Aleksei and Basilyan, Alexander E. and Anisimov, Mikhail A. and Nikolskiy, Pavel A. and Pavlova, Elena Y. and Pitulko, Vladimir and Brem, Gottfried and Wallner, Barbara and Schwall, Christoph and Keller, Marcel and Kitagawa, Keiko and Bessudnov, Alexander N. and Bessudnov, Alexander and Taylor, William and Magail, Jérome and Gantulga, Jamiyan-Ombo and Bayarsaikhan, Jamsranjav and Erdenebaatar, Diimaajav and Tabaldiev, Kubatbeek and Mijiddorj, Enkhbayar and Boldgiv, Bazartseren and Tsagaan, Turbat and Pruvost, Mélanie and Olsen, Sandra and Makarewicz, Cheryl A. and Valenzuela Lamas, Silvia and Albizuri Canadell, Silvia and Nieto Espinet, Ariadna and Iborra, Ma Pilar and Lira Garrido, Jaime and Rodríguez González, Esther and Celestino, Sebastián and Olària, Carmen and Arsuaga, Juan Luis and Kotova, Nadiia and Pryor, Alexander and Crabtree, Pam and Zhumatayev, Rinat and Toleubaev, Abdesh and Morgunova, Nina L. and Kuznetsova, Tatiana and Lordkipanize, David and Marzullo, Matilde and Prato, Ornella and Bagnasco Gianni, Giovanna and Tecchiati, Umberto and Clavel, Benoit and Lepetz, Sébastien and Davoudi, Hossein and Mashkour, Marjan and Berezina, Natalia Ya and Stockhammer, Philipp W. and Krause, Johannes and Haak, Wolfgang and Morales-Muñiz, Arturo and Benecke, Norbert and Hofreiter, Michael and Ludwig, Arne and Graphodatsky, Alexander S. and Peters, Joris and Kiryushin, Kirill Yu and Iderkhangai, Tumur-Ochir and Bokovenko, Nikolay A. and Vasiliev, Sergey K. and Seregin, Nikolai N. and Chugunov, Konstantin V. and Plasteeva, Natalya A. and Baryshnikov, Gennady F. and Petrova, Ekaterina and Sablin, Mikhail and Ananyevskaya, Elina and Logvin, Andrey and Shevnina, Irina and Logvin, Victor and Kalieva, Saule and Loman, Valeriy and Kukushkin, Igor and Merz, Ilya and Merz, Victor and Sakenov, Sergazy and Varfolomeyev, Victor and Usmanova, Emma and Zaibert, Viktor and Arbuckle, Benjamin and Belinskiy, Andrey B. and Kalmykov, Alexej and Reinhold, Sabine and Hansen, Svend and Yudin, Aleksandr I. and Vybornov, Alekandr A. and Epimakhov, Andrey and Berezina, Natalia S. and Roslyakova, Natalia and Kosintsev, Pavel A. and Kuznetsov, Pavel F. and Anthony, David and Kroonen, Guus J. and Kristiansen, Kristian and Wincker, Patrick and Outram, Alan and Orlando, Ludovic},
  date = {2021-10},
  journaltitle = {Nature},
  volume = {598},
  number = {7882},
  pages = {634--640},
  publisher = {{Nature Publishing Group}},
  issn = {1476-4687},
  doi = {10.1038/s41586-021-04018-9}
}


@article{warmuth_etal12,
  title = {Reconstructing the Origin and Spread of Horse Domestication in the {{Eurasian}} Steppe},
  author = {Warmuth, Vera and Eriksson, Anders and Bower, Mim Ann and Barker, Graeme and Barrett, Elizabeth and Hanks, Bryan Kent and Li, Shuicheng and Lomitashvili, David and Ochir-Goryaeva, Maria and Sizonov, Grigory V. and Soyonov, Vasiliy and Manica, Andrea},
  date = {2012-05-22},
  journaltitle = {Proceedings of the National Academy of Sciences},
  volume = {109},
  number = {21},
  pages = {8202--8206},
  publisher = {{Proceedings of the National Academy of Sciences}},
  doi = {10.1073/pnas.1111122109}
}



@article{beja-pereira_etal04,
  title = {African {{Origins}} of the {{Domestic Donkey}}},
  author = {Beja-Pereira, Albano and England, Phillip R. and Ferrand, Nuno and Jordan, Steve and Bakhiet, Amel O. and Abdalla, Mohammed A. and Mashkour, Marjan and Jordana, Jordi and Taberlet, Pierre and Luikart, Gordon},
  date = {2004-06-18},
  journaltitle = {Science},
  volume = {304},
  number = {5678},
  pages = {1781--1781},
  publisher = {{American Association for the Advancement of Science}},
  doi = {10.1126/science.1096008}
}


@article{rossel_etal08,
  title = {Domestication of the Donkey: {{Timing}}, Processes, and Indicators},
  shorttitle = {Domestication of the Donkey},
  author = {Rossel, Stine and Marshall, Fiona and Peters, Joris and Pilgram, Tom and Adams, Matthew D. and O'Connor, David},
  date = {2008-03-11},
  journaltitle = {Proceedings of the National Academy of Sciences},
  volume = {105},
  number = {10},
  pages = {3715--3720},
  publisher = {{Proceedings of the National Academy of Sciences}},
  doi = {10.1073/pnas.0709692105},
  url = {https://www.pnas.org/doi/abs/10.1073/pnas.0709692105},
  urldate = {2022-03-14},
  file = {C\:\\Users\\rosha\\Zotero\\storage\\86BRNVBC\\Rossel et al_2008_Domestication of the donkey.pdf}
}



@article{orlando_etal13,
  title = {Recalibrating {{Equus}} Evolution Using the Genome Sequence of an Early {{Middle Pleistocene}} Horse},
  author = {Orlando, Ludovic and Ginolhac, Aurélien and Zhang, Guojie and Froese, Duane and Albrechtsen, Anders and Stiller, Mathias and Schubert, Mikkel and Cappellini, Enrico and Petersen, Bent and Moltke, Ida and Johnson, Philip L. F. and Fumagalli, Matteo and Vilstrup, Julia T. and Raghavan, Maanasa and Korneliussen, Thorfinn and Malaspinas, Anna-Sapfo and Vogt, Josef and Szklarczyk, Damian and Kelstrup, Christian D. and Vinther, Jakob and Dolocan, Andrei and Stenderup, Jesper and Velazquez, Amhed M. V. and Cahill, James and Rasmussen, Morten and Wang, Xiaoli and Min, Jiumeng and Zazula, Grant D. and Seguin-Orlando, Andaine and Mortensen, Cecilie and Magnussen, Kim and Thompson, John F. and Weinstock, Jacobo and Gregersen, Kristian and Røed, Knut H. and Eisenmann, Véra and Rubin, Carl J. and Miller, Donald C. and Antczak, Douglas F. and Bertelsen, Mads F. and Brunak, Søren and Al-Rasheid, Khaled A. S. and Ryder, Oliver and Andersson, Leif and Mundy, John and Krogh, Anders and Gilbert, M. Thomas P. and Kjær, Kurt and Sicheritz-Ponten, Thomas and Jensen, Lars Juhl and Olsen, Jesper V. and Hofreiter, Michael and Nielsen, Rasmus and Shapiro, Beth and Wang, Jun and Willerslev, Eske},
  date = {2013-07},
  journaltitle = {Nature},
  volume = {499},
  number = {7456},
  pages = {74--78},
  publisher = {{Nature Publishing Group}},
  issn = {1476-4687},
  doi = {10.1038/nature12323}
}



@book{clutton-brock92,
  title = {Horse Power: A History of the Horse and the Donkey in Human Societies},
  author = {Clutton-Brock, Juliet},
  date = {1992},
  publisher = {{Harvard University Press}},
  isbn = {0-674-40646-X}
}


@article{hanot_bochaton18,
  title = {New Osteological Criteria for the Identification of Domestic Horses, Donkeys and Their Hybrids in Archaeological Contexts},
  author = {Hanot, Pauline and Bochaton, Corentin},
  date = {2018-06-01},
  journaltitle = {Journal of Archaeological Science},
  shortjournal = {Journal of Archaeological Science},
  volume = {94},
  pages = {12--20},
  issn = {0305-4403},
  doi = {10.1016/j.jas.2018.03.012}
}




@article{baxter98,
  title = {Species Identification of Equids from {{Western European}} Archaeological Deposits: Methodologies, Techniques and Problems.},
  author = {Baxter, Ian L},
  date = {1998},
  journaltitle = {Current and Recent Research in Osteoarchaeology. Oxbow, Oxford},
  pages = {16}
}


@article{kimura_etal13,
  title = {Donkey {{Domestication}}},
  author = {Kimura, Birgitta and Marshall, Fiona and Beja-Pereira, Albano and Mulligan, Connie},
  date = {2013-03-01},
  journaltitle = {African Archaeological Review},
  shortjournal = {Afr Archaeol Rev},
  volume = {30},
  number = {1},
  pages = {83--95},
  issn = {1572-9842},
  doi = {10.1007/s10437-012-9126-8}
}


@book{armitage_chapman79,
  title = {Roman Mules},
  author = {Armitage, Philip L and Chapman, Hugh},
  date = {1979},
  publisher = {{London Archaeologist Association}}
}



@article{davis80,
  title = {Late {{Pleistocene}} and {{Holocene}} Equid Remains from {{Israel}}},
  author = {Davis, Simon J},
  date = {1980},
  journaltitle = {Zoological Journal of the Linnean Society},
  shortjournal = {Zoological Journal of the Linnean Society},
  volume = {70},
  number = {3},
  pages = {289--312},
  publisher = {{Oxford University Press}},
  issn = {1096-3642}
}



@book{eisenmann80,
  title = {Les Chevaux ({{Equus}} Sensu Lato) Fossiles et Actuels: Crânes et Dents Jugales Supérieures},
  author = {Eisenmann, Véra},
  date = {1980},
  publisher = {{Éditions du Centre national de la recherche scientifique}},
  isbn = {2-222-02622-9}
}



@article{eisenmann81,
  title = {Etude Des Dents Jugales Inférieures Des {{Equus}} ({{Mammalia}}, {{Perissodactyla}}) Actuels et Fossiles},
  author = {Eisenmann, Véra},
  date = {1981},
  journaltitle = {Palaeovertebrata: revue trimestrielle de paléontologie des vertébrés},
  shortjournal = {Palaeovertebrata: revue trimestrielle de paléontologie des vertébrés},
  volume = {10},
  number = {3},
  pages = {130}
}



@article{eisenmann86,
  title = {Comparative Osteology of Modern and Fossil Horses, Half-Asses, and Asses},
  author = {Eisenmann, Véra},
  date = {1986},
  journaltitle = {Equids in the ancient world},
  shortjournal = {Equids in the ancient world},
  volume = {1},
  pages = {67--116},
  publisher = {{Ludwig Reichert Verlag Wiesbaden}}
}



@article{uerpmann02,
  title = {Dental {{Morphology}} of {{Horses}}, {{Donkeys}} and {{Mules}}},
  author = {Uerpmann, HP},
  date = {2002},
  journaltitle = {Horse. Donkey and Co, Basel, Switzerland},
  shortjournal = {Horse. Donkey and Co, Basel, Switzerland}
}



@article{albizuri_nadal91,
  title = {Estudi de l’èquid Aparegut En Relació Amb l'estructura {{E10}} de l'{{Hort}} d'en {{Grimau}}},
  author = {Albizuri, Silvia and Nadal, Jordi},
  date = {1991-01-01},
  journaltitle = {Olerdulae},
  shortjournal = {Olerdulae},
  volume = {3},
  pages = {112--117}
}



@article{azzaroli78,
  title = {On a {{Late Pleistocene Ass}} from {{Tuscany}}| with {{Notes}} on the {{History}} of {{Asses}}},
  author = {Azzaroli, A},
  date = {1978},
  journaltitle = {Palaeontographia Italica Pisa},
  shortjournal = {Palaeontographia Italica Pisa},
  volume = {71},
  pages = {27--47}
}



@article{groves_mazak67,
  title = {On Some Taxonomic Problems of {{Asiatic}} Wild Asses; with the Description of a New Subspecies ({{Perissodactyla}}; {{Equidae}})},
  author = {Groves, ColIN P and Mazák, Vratislav},
  date = {1967},
  journaltitle = {Zeitschrift für Säugetierkunde},
  shortjournal = {Zeitschrift für Säugetierkunde},
  volume = {32},
  number = {6},
  pages = {321--355}
}



@article{kunst00,
  title = {Archaeozoological Evidence for Equid Use, Sex Structure and Mortality in a {{Roman}} Auxiliary Fort ({{Carnuntum-Petronell}}, Lower {{Austria}})},
  author = {Kunst, Günther Karl},
  date = {2000},
  journaltitle = {Anthropozoologica},
  shortjournal = {Anthropozoologica},
  volume = {31},
  pages = {109--118}
}



@book{arloing82,
  title = {Caractères Ostéologiques Différentiels de l'âne, Du Cheval et de Leurs Hybrides},
  author = {Arloing, J},
  date = {1882}
}



@article{eisenmann_beckouche86,
  title = {Identification and Discrimination of Metapodials from {{Pleistocene}} and Modern {{Equus}}, Wild and Domestic},
  author = {Eisenmann, Véra and Beckouche, Sophie},
  date = {1986},
  journaltitle = {Beihefte zum Tübinger Atlas des Vorderen Orients. Reihe A, Naturwissenschaften},
  shortjournal = {Beihefte zum Tübinger Atlas des Vorderen Orients. Reihe A, Naturwissenschaften},
  volume = {19},
  number = {1},
  pages = {117}
}



@article{peters98,
  title = {Römische Tierhaltung Und Tierzucht. {{Passauer Universitätsschriften}} Zur {{Archäologie}} 5},
  author = {Peters, Joris},
  date = {1998},
  journaltitle = {Rahden/Westfalen: Marie Leidorf},
  shortjournal = {Rahden/Westfalen: Marie Leidorf}
}




@article{forest08,
  title = {Equidés de La Tène finale et de la période romaine en Gaule: approche ostéométrique},
  shorttitle = {Equidés de La Tène finale et de la période romaine en Gaule},
  author = {Forest, V.},
  date = {2008},
  journaltitle = {L'exploitation agricole dans son environnement à la fin de l’Âge du Fer: Nouvelles approches méthodologiques. Presented at the Rencontre de Saint-Julien: 18-19 novembre 2004},
  pages = {61--71}
}



@article{hanot_etal17,
  title = {Morphological Integration in the Appendicular Skeleton of Two Domestic Taxa: The Horse and Donkey},
  shorttitle = {Morphological Integration in the Appendicular Skeleton of Two Domestic Taxa},
  author = {Hanot, Pauline and Herrel, Anthony and Guintard, Claude and Cornette, Raphaël},
  date = {2017-10-11},
  journaltitle = {Proceedings of the Royal Society B: Biological Sciences},
  shortjournal = {Proceedings of the Royal Society B: Biological Sciences},
  volume = {284},
  number = {1864},
  pages = {20171241},
  publisher = {{Royal Society}},
  doi = {10.1098/rspb.2017.1241}
}



@article{cucchi_etal,
  title = {Detecting Taxonomic and Phylogenetic Signals in Equid Cheek Teeth: Towards New Palaeontological and Archaeological Proxies},
  author = {Cucchi, T. and Mohaseb, A. and Peigné, S. and Debue, K. and Orlando, L. and Mashkour, M.},
  journaltitle = {Royal Society Open Science},
  date = {2017},
  volume = {4},
  number = {4},
  pages = {160997},
  publisher = {{Royal Society}},
  doi = {10.1098/rsos.160997}
}



@article{jonsson_etal14,
  title = {Speciation with Gene Flow in Equids despite Extensive Chromosomal Plasticity},
  author = {Jónsson, Hákon and Schubert, Mikkel and Seguin-Orlando, Andaine and Ginolhac, Aurélien and Petersen, Lillian and Fumagalli, Matteo and Albrechtsen, Anders and Petersen, Bent and Korneliussen, Thorfinn S. and Vilstrup, Julia T. and Lear, Teri and Myka, Jennifer Leigh and Lundquist, Judith and Miller, Donald C. and Alfarhan, Ahmed H. and Alquraishi, Saleh A. and Al-Rasheid, Khaled A. S. and Stagegaard, Julia and Strauss, Günter and Bertelsen, Mads Frost and Sicheritz-Ponten, Thomas and Antczak, Douglas F. and Bailey, Ernest and Nielsen, Rasmus and Willerslev, Eske and Orlando, Ludovic},
  date = {2014-12-30},
  journaltitle = {Proceedings of the National Academy of Sciences},
  volume = {111},
  number = {52},
  pages = {18655--18660},
  publisher = {{Proceedings of the National Academy of Sciences}},
  doi = {10.1073/pnas.1412627111}
}



@article{vilstrup_etal13,
  title = {Mitochondrial {{Phylogenomics}} of {{Modern}} and {{Ancient Equids}}},
  author = {Vilstrup, Julia T. and Seguin-Orlando, Andaine and Stiller, Mathias and Ginolhac, Aurelien and Raghavan, Maanasa and Nielsen, Sandra C. A. and Weinstock, Jacobo and Froese, Duane and Vasiliev, Sergei K. and Ovodov, Nikolai D. and Clary, Joel and Helgen, Kristofer M. and Fleischer, Robert C. and Cooper, Alan and Shapiro, Beth and Orlando, Ludovic},
  date = {2013-02-20},
  journaltitle = {PLOS ONE},
  shortjournal = {PLOS ONE},
  volume = {8},
  number = {2},
  pages = {e55950},
  publisher = {{Public Library of Science}},
  issn = {1932-6203},
  doi = {10.1371/journal.pone.0055950}
}



@article{weinstock_etal05,
  title = {Evolution, {{Systematics}}, and {{Phylogeography}} of {{Pleistocene Horses}} in the {{New World}}: {{A Molecular Perspective}}},
  shorttitle = {Evolution, {{Systematics}}, and {{Phylogeography}} of {{Pleistocene Horses}} in the {{New World}}},
  author = {Weinstock, Jaco and Willerslev, Eske and Sher, Andrei and Tong, Wenfei and Ho, Simon Y. W. and Rubenstein, Dan and Storer, John and Burns, James and Martin, Larry and Bravi, Claudio and Prieto, Alfredo and Froese, Duane and Scott, Eric and Xulong, Lai and Cooper, Alan},
  date = {2005-06-28},
  journaltitle = {PLOS Biology},
  shortjournal = {PLOS Biology},
  volume = {3},
  number = {8},
  pages = {e241},
  publisher = {{Public Library of Science}},
  issn = {1545-7885},
  doi = {10.1371/journal.pbio.0030241}
}

@article{buckley_etal09,
  title = {Species Identification by Analysis of Bone Collagen Using Matrix-Assisted Laser Desorption/Ionisation Time-of-Flight Mass Spectrometry},
  author = {Buckley, Michael and Collins, Matthew and Thomas‐Oates, Jane and Wilson, Julie C.},
  date = {2009},
  journaltitle = {Rapid Communications in Mass Spectrometry},
  volume = {23},
  number = {23},
  pages = {3843--3854},
  issn = {1097-0231},
  doi = {10.1002/rcm.4316}
}



@article{welker_etal15,
  title = {Using {{ZooMS}} to Identify Fragmentary Bone from the {{Late Middle}}/{{Early Upper Palaeolithic}} Sequence of {{Les Cottés}}, {{France}}},
  author = {Welker, Frido and Soressi, Marie and Rendu, William and Hublin, Jean-Jacques and Collins, Matthew},
  date = {2015-02-01},
  journaltitle = {Journal of Archaeological Science},
  shortjournal = {Journal of Archaeological Science},
  volume = {54},
  pages = {279--286},
  issn = {0305-4403},
  doi = {10.1016/j.jas.2014.12.010}
}



@article{vandersluis_etal14,
  title = {Combining Histology, Stable Isotope Analysis and {{ZooMS}} Collagen Fingerprinting to Investigate the Taphonomic History and Dietary Behaviour of Extinct Giant Tortoises from the {{Mare}} Aux {{Songes}} Deposit on {{Mauritius}}},
  author = {van der Sluis, L. G. and Hollund, H. I. and Buckley, M. and De Louw, P. G. B. and Rijsdijk, K. F. and Kars, H.},
  options = {useprefix=true},
  date = {2014-12},
  journaltitle = {Palaeogeography, Palaeoclimatology, Palaeoecology},
  series = {Bone and Enamel Diagenesis: {{From}} the Crystal to the Environment - {{A}} Tribute to {{Jean-François Saliège}}},
  volume = {416},
  pages = {80--91},
  issn = {0031-0182},
  doi = {10.1016/j.palaeo.2014.06.003}
}



@article{welkerfrido_etal16,
  title = {Palaeoproteomic Evidence Identifies Archaic Hominins Associated with the {{Châtelperronian}} at the {{Grotte}} Du {{Renne}}},
  author = {Welker, Frido and Hajdinjak, Mateja and Talamo, Sahra and Jaouen, Klervia and Dannemann, Michael and David, Francine and Julien, Michèle and Meyer, Matthias and Kelso, Janet and Barnes, Ian and Brace, Selina and Kamminga, Pepijn and Fischer, Roman and Kessler, Benedikt and Stewart, John and Pääbo, Svante and Collins, Matthew and Hublin, Jean-Jacques},
  date = {2016},
  journaltitle = {Proceedings of the National Academy of Sciences},
  shortjournal = {Proceedings of the National Academy of Sciences},
  volume = {113},
  number = {40},
  pages = {11162--11167},
  publisher = {{Proceedings of the National Academy of Sciences}},
  doi = {10.1073/pnas.1605834113}
}



@article{brown_etal21,
  title = {On the Standardization of {{ZooMS}} Nomenclature},
  author = {Brown, Samantha and Douka, Katerina and Collins, Matthew J and Richter, Kristine Korzow},
  date = {2021-03-20},
  journaltitle = {Journal of Proteomics},
  shortjournal = {Journal of Proteomics},
  volume = {235},
  pages = {104041},
  issn = {1874-3919},
  doi = {10.1016/j.jprot.2020.104041}
}



@article{buckley_collins11,
  title = {Collagen Survival and Its Use for Species Identification in {{Holocene-lower Pleistocene}} Bone Fragments from {{British}} Archaeological and Paleontological Sites},
  author = {Buckley, Mike and Collins, Matthew James},
  date = {2011-09-20},
  journaltitle = {Antiqua},
  volume = {1},
  number = {1},
  pages = {e1-e1},
  issn = {2038-9604},
  doi = {10.4081/antiqua.2011.e1}
}



@article{p_kirby_etal13,
  title = {Identification of Collagen-Based Materials in Cultural Heritage},
  author = {Kirby, Daniel and Buckley, Michael and Promise, Ellen and A.~Trauger, Sunia and Rose~Holdcraft, T.},
  date = {2013},
  journaltitle = {Analyst},
  volume = {138},
  number = {17},
  pages = {4849--4858},
  publisher = {{Royal Society of Chemistry}},
  doi = {10.1039/C3AN00925D}
}



@article{buckley_etal17,
  title = {Species Identification and Decay Assessment of {{Late Pleistocene}} Fragmentary Vertebrate Remains from {{Pin Hole Cave}} ({{Creswell Crags}}, {{UK}}) Using Collagen Fingerprinting},
  author = {Buckley, Michael and Harvey, Virginia L. and Chamberlain, Andrew T.},
  date = {2017},
  journaltitle = {Boreas},
  volume = {46},
  number = {3},
  pages = {402--411},
  issn = {1502-3885},
  doi = {10.1111/bor.12225}
}




@article{fages_etal19,
  title = {Tracking {{Five Millennia}} of {{Horse Management}} with {{Extensive Ancient Genome Time Series}}},
  author = {Fages, Antoine and Hanghøj, Kristian and Khan, Naveed and Gaunitz, Charleen and Seguin-Orlando, Andaine and Leonardi, Michela and McCrory Constantz, Christian and Gamba, Cristina and Al-Rasheid, Khaled A. S. and Albizuri, Silvia and Alfarhan, Ahmed H. and Allentoft, Morten and Alquraishi, Saleh and Anthony, David and Baimukhanov, Nurbol and Barrett, James H. and Bayarsaikhan, Jamsranjav and Benecke, Norbert and Bernáldez-Sánchez, Eloísa and Berrocal-Rangel, Luis and Biglari, Fereidoun and Boessenkool, Sanne and Boldgiv, Bazartseren and Brem, Gottfried and Brown, Dorcas and Burger, Joachim and Crubézy, Eric and Daugnora, Linas and Davoudi, Hossein and de Barros Damgaard, Peter and de los Ángeles de Chorro y de Villa-Ceballos, María and Deschler-Erb, Sabine and Detry, Cleia and Dill, Nadine and do Mar Oom, Maria and Dohr, Anna and Ellingvåg, Sturla and Erdenebaatar, Diimaajav and Fathi, Homa and Felkel, Sabine and Fernández-Rodríguez, Carlos and García-Viñas, Esteban and Germonpré, Mietje and Granado, José D. and Hallsson, Jón H. and Hemmer, Helmut and Hofreiter, Michael and Kasparov, Aleksei and Khasanov, Mutalib and Khazaeli, Roya and Kosintsev, Pavel and Kristiansen, Kristian and Kubatbek, Tabaldiev and Kuderna, Lukas and Kuznetsov, Pavel and Laleh, Haeedeh and Leonard, Jennifer A. and Lhuillier, Johanna and Liesau von Lettow-Vorbeck, Corina and Logvin, Andrey and Lõugas, Lembi and Ludwig, Arne and Luis, Cristina and Arruda, Ana Margarida and Marques-Bonet, Tomas and Matoso Silva, Raquel and Merz, Victor and Mijiddorj, Enkhbayar and Miller, Bryan K. and Monchalov, Oleg and Mohaseb, Fatemeh A. and Morales, Arturo and Nieto-Espinet, Ariadna and Nistelberger, Heidi and Onar, Vedat and Pálsdóttir, Albína H. and Pitulko, Vladimir and Pitskhelauri, Konstantin and Pruvost, Mélanie and Rajic Sikanjic, Petra and Rapan Papeša, Anita and Roslyakova, Natalia and Sardari, Alireza and Sauer, Eberhard and Schafberg, Renate and Scheu, Amelie and Schibler, Jörg and Schlumbaum, Angela and Serrand, Nathalie and Serres-Armero, Aitor and Shapiro, Beth and Sheikhi Seno, Shiva and Shevnina, Irina and Shidrang, Sonia and Southon, John and Star, Bastiaan and Sykes, Naomi and Taheri, Kamal and Taylor, William and Teegen, Wolf-Rüdiger and Trbojević Vukičević, Tajana and Trixl, Simon and Tumen, Dashzeveg and Undrakhbold, Sainbileg and Usmanova, Emma and Vahdati, Ali and Valenzuela-Lamas, Silvia and Viegas, Catarina and Wallner, Barbara and Weinstock, Jaco and Zaibert, Victor and Clavel, Benoit and Lepetz, Sébastien and Mashkour, Marjan and Helgason, Agnar and Stefánsson, Kári and Barrey, Eric and Willerslev, Eske and Outram, Alan K. and Librado, Pablo and Orlando, Ludovic},
  options = {useprefix=true},
  date = {2019-05-30},
  journaltitle = {Cell},
  shortjournal = {Cell},
  volume = {177},
  number = {6},
  pages = {1419-1435.e31},
  issn = {0092-8674},
  doi = {10.1016/j.cell.2019.03.049}
}




@article{moralesmuniz_etal98,
  title = {A Preliminary Catalogue of {{Holocene}} Equids from the {{Iberian Peninsula}}},
  author = {Morales Muñiz, A. and Albertini, D. and Sancho, F. B. and Cardoso, J. L. and Castaños, P. M. and von Lettow- Vorbeck, Corina Liesau and Montero Ponseti, Sonsoles and Nadal Lorenzo, Jordi and Nicolás Pérez, Elena and Pérez Ripoli, Manuel and Pino Uría, Beatriz and Riquelme Cantal, José Antonio},
  date = {1998},
  journaltitle = {Proceedings of The XIII International Congress of Prehistoric and Protohistoric Sciences},
  volume = {6},
  pages = {65--82},
  publisher = {{A.B. A.C.O.}},
  isbn = {9788886712484}
}



@thesis{detry07,
  title = {Paleoecologia e {{Paleoeconomia}} Do {{Baixo Tejo}} No {{Mesolítico Final}}: {{O}} Contributo Do Estudo Dos Mamíferos Dos Concheiros de {{Muge}}},
  author = {Detry, Cleia},
  date = {2007},
  institution = {{Universidad de Salamanca}}
}




@article{valente08,
  title = {As Últimas Sociedades de Caçadores-Recolectores No {{Centro}} e {{Sul}} de {{Portugal}} (10.000-6.000 Anos {{BP}}: Aproveitamento Dos Recursos Animais},
  author = {Valente, Maria João},
  date = {2008}
}




@inproceedings{rowley-conwy93,
  title = {Mesolithic Animal Bones from {{Forno}} Da {{Telha}}: {{Portugal}}},
  booktitle = {1. {{Congresso}} de {{Arqueologia Peninsular}}:({{Porto}}, 12-18 de {{Outubro}} de 1993). {{Actas}}},
  author = {Rowley-Conwy, Peter},
  date = {1993},
  pages = {45--48},
  publisher = {{Sociedade Portuguesa de Antropologia e Etnologia}}
}



@article{cardoso95,
  title = {Os Ídolos Falange Do Povoado Pré-Histórico de {{Leceia}} ({{Oeiras}}): Estudo Comparado},
  author = {Cardoso, João Luís},
  date = {1995},
  journaltitle = {Estudos Arqueológicos de Oeiras},
  volume = {5},
  isbn = {0872-6086}
}




@article{vondendriesch_boessneck85,
  title = {Osteologische {{Besonderheiten}} Vom {{Morro}} de {{Mezquitilla}}, {{Málaga}}},
  author = {von den Driesch, Angela and Boessneck, Joachim},
  options = {useprefix=true},
  date = {1985},
  journaltitle = {Madrider Mitteilungen},
  volume = {26},
  pages = {45--48-45--48},
  isbn = {2749-8522}
}



@article{cardoso_etal13,
  title = {First Evidence of {{Equus}} Asinus {{L}}. in the {{Chalcolithic}} Disputes the {{Phoenicians}} as the First to Introduce Donkeys into the {{Iberian Peninsula}}},
  author = {Cardoso, João L. and Vilstrup, Julia T. and Eisenmann, Véra and Orlando, Ludovic},
  date = {2013},
  journaltitle = {Journal of Archaeological Science},
  volume = {40},
  number = {12},
  pages = {4483--4490},
  issn = {0305-4403},
  doi = {10.1016/j.jas.2013.07.010}
}



@article{schuhmacher_etal09,
  title = {Sourcing {{African}} Ivory in {{Chalcolithic Portugal}}},
  author = {Schuhmacher, Thomas and Cardoso, João and Banerjee, Arun},
  date = {2009-12},
  journaltitle = {Antiquity},
  volume = {83},
  number = {322},
  pages = {983--997},
  publisher = {{Cambridge University Press}},
  issn = {0003-598X, 1745-1744},
  doi = {10.1017/S0003598X00099294}
}




@article{valera_etal15,
  title = {Ivory in the {{Chalcolithic}} Enclosure of {{Perdigões}} ({{South Portugal}}): The Social Role of an Exotic Raw Material},
  author = {Valera, António Carlos and Schuhmacher, Thomas Xaver and Banerjee, Arun},
  date = {2015-05-27},
  journaltitle = {World Archaeology},
  shortjournal = {null},
  volume = {47},
  number = {3},
  pages = {390--413},
  publisher = {{Routledge}},
  issn = {0043-8243},
  doi = {10.1080/00438243.2015.1014571},
  url = {https://doi.org/10.1080/00438243.2015.1014571}
}




@article{valerio_etal18,
  title = {Early {{Imports}} in the {{Late Bronze Age}} of {{South-Western Iberia}}: {{The Bronze Ornaments}} of the {{Hypogea}} at {{Monte}} Da {{Ramada}} 1 ({{Southern Portugal}})},
  shorttitle = {Early {{Imports}} in the {{Late Bronze Age}} of {{South-Western Iberia}}},
  author = {Valério, P. and Araújo, M. F. and Soares, A. M. M. and Silva, R. J. C. and Baptista, L. and Mataloto, R.},
  date = {2018},
  journaltitle = {Archaeometry},
  volume = {60},
  number = {2},
  pages = {255--268},
  issn = {1475-4754},
  doi = {10.1111/arcm.12310}
}





@article{martin_etal16,
  title = {The {{Status Problem}} of {{Iberian Holocene Equids}}: {{New Data}} from {{Cueva}} de {{El Mirador}} ({{Sierra}} de {{Atapuerca}}, {{Spain}})},
  shorttitle = {The {{Status Problem}} of {{Iberian Holocene Equids}}},
  author = {Martín, P. and Vergès, J. M. and Nadal, J.},
  date = {2016},
  journaltitle = {International Journal of Osteoarchaeology},
  volume = {26},
  number = {2},
  pages = {232--245},
  issn = {1099-1212},
  doi = {10.1002/oa.2413}
}



@article{harrison_etal87,
  title = {Moncín: Poblado Prehistórico de La {{Edad}} Del {{Bronce}} ({{I}})},
  author = {Harrison, R. J. and Moreno López, G. and Legge, A. J.},
  date = {1987},
  journaltitle = {Noticiario Arqueológico Hispánico (1979)},
  number = {29},
  pages = {7--102},
  isbn = {0211-1748}
}



@inproceedings{castanos05,
  title = {Estudio de La Fauna de {{Cueva Mayor}} de {{Atapuerca}}},
  booktitle = {Estudios Sobre {{Atapuerca}} ({{Burgos}})},
  author = {Castaños, Pedro María },
  date = {2005},
  pages = {247--258},
  publisher = {{Servicio de Publicaciones= Argitalpen Zerbitzua}}
}



@book{altuna80,
  title = {Historia de La Domesticación Animal En El {{País Vasco}} Desde Sus Orígenes Hasta La Romanización},
  author = {Altuna, Jesús},
  date = {1980},
  publisher = {{Sociedad de Ciencias Aranzadi San Sebastián}}
}



@book{keil12,
  title = {Specificity of Proteolysis},
  author = {Keil, Borivoj},
  date = {2012},
  publisher = {{Springer Science \& Business Media}},
  isbn = {3-642-48380-1}
}



@article{wilkins_etal97,
  title = {Detailed Peptide Characterization Using {{PEPTIDEMASS}}–a {{World}}‐{{Wide}}‐{{Web}}‐accessible Tool},
  author = {Wilkins, Marc R. and Lindskog, Ingrid and Gasteiger, Elisabeth and Bairoch, Amos and Sanchez, Jean-Charles and Hochstrasser, Denis F. and Appel, Ron D.},
  date = {1997},
  journaltitle = {Electrophoresis},
  volume = {18},
  pages = {403--408},
  publisher = {{Wiley Online Library}},
  isbn = {0173-0835},
  issue = {3‐4}
}



@article{gasteiger_etal05,
  title = {Protein Identification and Analysis Tools on the {{ExPASy}} Server},
  author = {Gasteiger, Elisabeth and Hoogland, Christine and Gattiker, Alexandre and Wilkins, Marc R. and Appel, Ron D. and Bairoch, Amos},
  date = {2005},
  journaltitle = {The proteomics protocols handbook},
  pages = {571--607},
  publisher = {{Springer}}
}



@article{kearse_etal12,
  title = {Geneious {{Basic}}: An Integrated and Extendable Desktop Software Platform for the Organization and Analysis of Sequence Data},
  author = {Kearse, Matthew and Moir, Richard and Wilson, Amy and Stones-Havas, Steven and Cheung, Matthew and Sturrock, Shane and Buxton, Simon and Cooper, Alex and Markowitz, Sidney and Duran, Chris},
  date = {2012},
  journaltitle = {Bioinformatics},
  volume = {28},
  number = {12},
  pages = {1647--1649},
  publisher = {{Oxford University Press}},
  isbn = {1460-2059}
}



@article{strohalm_etal10,
  title = {{{mMass}} 3: {{A Cross-Platform Software Environment}} for {{Precise Analysis}} of {{Mass Spectrometric Data}}},
  shorttitle = {{{mMass}} 3},
  author = {Strohalm, Martin and Kavan, Daniel and Novák, Petr and Volný, Michael and Havlíček, Vladimír},
  date = {2010-06-01},
  journaltitle = {Analytical Chemistry},
  shortjournal = {Anal. Chem.},
  volume = {82},
  number = {11},
  pages = {4648--4651},
  publisher = {{American Chemical Society}},
  issn = {0003-2700},
  doi = {10.1021/ac100818g}
}



@online{brown_etal20,
  title = {Zooarchaeology by {{Mass Spectrometry}} ({{ZooMS}}) for Bone Material - {{AmBiC}} Protocol Protocol Metadata},
  author = {Brown, Samantha and Hebestreit, Sandra and Wang, Naihui and Boivin, Nicole and Douka, Katerina and Richter, Kristine},
  date = {2020-06-29},
  url = {https://dx.doi.org/10.17504/protocols.io.bffdjji6},
  date = {2022},
  langid = {english},
  organization = {{protocols.io}}
}




@article{keil87,
  title = {Proteolysis {{Data Bank}}: Specificity of Alpha-Chymotrypsin from Computation of Protein Cleavages},
  author = {Keil, Borivoj},
  date = {1987},
  journaltitle = {Protein Seq Data Anal},
  volume = {1},
  number = {1},
  eprint = {3447153},
  eprinttype = {pubmed},
  pages = {13--20},
  issn = {0931-9506}
}





@article{gibson_dixon69,
  title = {Chymotrypsin-like Proteases from the Sea Anemone, {{Metridium}} Senile},
  author = {Gibson, D. and Dixon, G.},
  date = {1969},
  journaltitle = {Nature},
  volume = {222},
  number = {5195},
  pages = {753--756},
  publisher = {{Nature Publishing Group}},
  doi = {10.1038/222753a0},
  isbn = {1476-4687}
}



@article{bern_etal12,
  title = {Byonic: Advanced Peptide and Protein Identification Software},
  author = {Bern, Marshall and Kil, Yong J. and Becker, Christopher},
  date = {2012},
  journaltitle = {Current protocols in bioinformatics},
  volume = {40},
  number = {1},
  pages = {13.20. 1-13.20. 14},
  publisher = {{Wiley Online Library}},
  isbn = {1934-3396}
}




@article{davis02,
  title = {The Mammals and Birds from the {{Gruta}} Do {{Caldeirão}}, {{Portugal}}},
  author = {Davis, Simon},
  date = {2002},
  journaltitle = {Revista Portuguesa de Arqueologia},
  shortjournal = {Revista Portuguesa de Arqueologia},
  volume = {5},
  number = {2},
  pages = {29--98},
  publisher = {{Instituto Português de Arqueologia}},
  issn = {0874-2782}
}



@article{davis_etal18,
  title = {Animal Remains from {{Neolithic Lameiras}}, {{Sintra}}: The Earliest Domesticated Sheep, Goat, Cattle and Pigs in {{Portugal}} and Some Notes on Their Evolution},
  author = {Davis, Simon JM and Gabriel, Sónia and Simões, Teresa},
  date = {2018},
  journaltitle = {Archaeofauna-Madrid-},
  shortjournal = {Archaeofauna-Madrid-},
  volume = {27},
  pages = {93--172},
  publisher = {{Universidad Autónoma de Madrid}},
  issn = {1132-6891}
}



@article{cardoso_detry02,
  title = {Estudo Arqueozoológico Dos Restos de Ungulados Do Povoado Pré-Histórico de {{Leceia}} ({{Oeiras}})},
  author = {Cardoso, João Luís and Detry, Cleia},
  date = {2002},
  journaltitle = {Estudos Arqueológicos de Oeiras},
  shortjournal = {Estudos Arqueológicos de Oeiras},
  volume = {10},
  pages = {131--182},
  publisher = {{Câmara Municipal de Oeiras}},
  issn = {0872-6086}
}



@article{davis06,
  title = {Faunal Remains from {{Alcáçova}} de {{Santarém}}},
  author = {Davis, Simon},
  date = {2006},
  journaltitle = {Portugal, Instituto português de arqueologia},
  shortjournal = {Portugal, Instituto português de arqueologia}
}



@article{detry_fabiao21,
  title = {O Cavalo Na {{Lisboa}} Romana},
  author = {Detry, Cleia and Fabião, Carlos},
  date = {2021},
  journaltitle = {Lisboa romana, Felicitas Iulia Olisipo: A cidade produtora (e consumidora)},
  shortjournal = {Lisboa romana, Felicitas Iulia Olisipo: A cidade produtora (e consumidora)},
  pages = {87--91},
  publisher = {{Caleidoscópio/Câmara Municipal de Lisboa}},
  issn = {9896587221}
}




@article{detry_etal16,
  title = {A alimentação em Lisboa no decurso da Idade do Ferro : resultados das escavações realizadas no Núcleo Arqueológico da Rua dos Correeiros (Lisboa, Portugal)},
  shorttitle = {A alimentação em Lisboa no decurso da Idade do Ferro},
  author = {Detry, Cleia and Cardoso, João Luís and Bugalhão, Jacinta},
  date = {2016},
  journaltitle = {SPAL. Revista de Prehistoria y Arqueología de la Universidad de Sevilla},
  pages = {67--82},
  issn = {1133-4525},
  doi = {10.12795/spal.2016i25.03}
}




@article{detry_arruda13,
  title = {A Fauna Da {{Idade}} Do {{Ferro}} e Da {{Época Romana}} de {{Monte Molião}} ({{Lagos}}, {{Algarve}}): Continuidades e Rupturas Na Dieta Alimentar},
  author = {Detry, Cleia and Arruda, Ana Margarida},
  date = {2013},
  journaltitle = {Revista Portuguesa de Arqueologia},
  shortjournal = {Revista Portuguesa de Arqueologia},
  pages = {213--226},
  issn = {0874-2782}
}



@article{cardoso93,
  title = {Restos de Grandes Mamíferos Da Ilha Do {{Pessegueiro}}: Contribuição Para o Conhecimento Da Alimentação Na {{Época Romana}}},
  author = {Cardoso, João Luís},
  date = {1993},
  journaltitle = {Ilha do Pessegueiro: porto romano da Costa Alentejana},
  shortjournal = {Ilha do Pessegueiro: porto romano da Costa Alentejana},
  pages = {205--215},
  publisher = {{Instituto da Conservação da Natureza}}
}



@article{cardoso94,
  title = {A {{Fauna}} de Mamíferos Da Época {{Muçulmana}} Das {{Mesas}} Do {{Castelinho}} ({{Almodôvar}}): {{Materiais}} Das {{Campanhas}} de 1989-1992},
  author = {Cardoso, João Luís},
  date = {1994},
  journaltitle = {Arqueologia Medieval},
  shortjournal = {Arqueologia Medieval},
  number = {3},
  pages = {201--220},
  publisher = {{Edições Afrontamento, Lda.}},
  issn = {0872-2250}
}


@article{davis_etal08,
  title = {Animal Remains from a {{Moslem}} Period (12th/13th Century {{AD}}) Lixeira (Garbage Dump) in {{Silves}}, {{Algarve}}, {{Portugal}}},
  author = {Davis, Simon and Gonçalves, Maria José and Gabriel, Sónia},
  date = {2008},
  journaltitle = {Revista portuguesa de Arqueologia},
  shortjournal = {Revista portuguesa de Arqueologia},
  volume = {11},
  number = {1},
  pages = {183--258}
}



@article{detry_pimenta17,
  title = {Animal Remains from Medieval and Modern {{Vila Franca}} de {{Xira}}, {{Portugal}}: {{Excavations}} at the {{Neo-Realism Museum}}},
  author = {Detry, Cleia and Pimenta, João},
  date = {2017},
  journaltitle = {Cira Arqueologia},
  shortjournal = {Cira Arqueologia},
  volume = {5},
  pages = {238--259},
  publisher = {{Câmara Municipal de Vila Franca de Xira/CEA Vila Franca de Xira}},
  issn = {2183-069X}
}




@article{davis_goncalves17,
  title = {Animal Remains from the 4th–5th Century {{AD}} Well at {{São Miguel}} de {{Odrinhas}}, {{Sintra}}, {{Portugal}}: Tiny Sheep and a Dwarf Dog},
  author = {Davis, Simon JM and Gonçalves, Alexandre},
  date = {2017},
  journaltitle = {Revista portuguesa de arqueologia},
  shortjournal = {Revista portuguesa de arqueologia},
  volume = {20},
  number = {1},
  pages = {139--156},
  publisher = {{Instituto Português de Arqueologia}},
  issn = {0874-2782}
}



@article{coutu_etal21,
  title = {Palaeoproteomics Confirm Earliest Domesticated Sheep in Southern {{Africa}} ca. 2000 {{BP}}},
  author = {Coutu, Ashley and Taurozzi, Alberto J. and Mackie, Meaghan and Jensen, Theis Zetner Trolle and Collins, Matthew J. and Sealy, Judith},
  date = {2021},
  journaltitle = {Scientific Reports},
  shortjournal = {Sci Rep},
  volume = {11},
  number = {1},
  pages = {6631},
  publisher = {{Nature Publishing Group}},
  issn = {2045-2322},
  doi = {10.1038/s41598-021-85756-8}
}




@article{peters_etal21,
  title = {Species Identification of {{Australian}} Marsupials Using Collagen Fingerprinting},
  author = {Peters, Carli and Richter, Kristine K. and Manne, Tiina and Dortch, Joe and Paterson, Alistair and Travouillon, Kenny and Louys, Julien and Price, Gilbert J. and Petraglia, Michael and Crowther, Alison and Boivin, Nicole},
  journaltitle = {Royal Society Open Science},
  date = {2021},
  volume = {8},
  number = {10},
  pages = {211229},
  publisher = {{Royal Society}},
  doi = {10.1098/rsos.211229}
}




@article{janzen_etal21,
  title = {Distinguishing {{African}} Bovids Using {{Zooarchaeology}} by {{Mass Spectrometry}} ({{ZooMS}}): {{New}} Peptide Markers and Insights into {{Iron Age}} Economies in {{Zambia}}},
  shorttitle = {Distinguishing {{African}} Bovids Using {{Zooarchaeology}} by {{Mass Spectrometry}} ({{ZooMS}})},
  author = {Janzen, Anneke and Richter, Kristine Korzow and Mwebi, Ogeto and Brown, Samantha and Onduso, Veronicah and Gatwiri, Filia and Ndiema, Emmanuel and Katongo, Maggie and Goldstein, Steven T. and Douka, Katerina and Boivin, Nicole},
  date = {2021-05-18},
  journaltitle = {PLOS ONE},
  volume = {16},
  number = {5},
  pages = {e0251061},
  publisher = {{Public Library of Science}},
  issn = {1932-6203},
  doi = {10.1371/journal.pone.0251061}
}




@article{gaunitz_etal18,
  title = {Ancient Genomes Revisit the Ancestry of Domestic and {{Przewalski}}’s Horses},
  author = {Gaunitz, Charleen and Fages, Antoine and Hanghøj, Kristian and Albrechtsen, Anders and Khan, Naveed and Schubert, Mikkel and Seguin-Orlando, Andaine and Owens, Ivy J. and Felkel, Sabine and Bignon-Lau, Olivier},
  date = {2018},
  journaltitle = {Science},
  volume = {360},
  number = {6384},
  pages = {111--114},
  publisher = {{American Association for the Advancement of Science}},
  isbn = {0036-8075}
}



@article{outram_etal09,
  title = {The Earliest Horse Harnessing and Milking},
  author = {Outram, Alan K. and Stear, Natalie A. and Bendrey, Robin and Olsen, Sandra and Kasparov, Alexei and Zaibert, Victor and Thorpe, Nick and Evershed, Richard P.},
  date = {2009},
  journaltitle = {Science},
  volume = {323},
  number = {5919},
  pages = {1332--1335},
  publisher = {{American Association for the Advancement of Science}},
  isbn = {0036-8075}
}



@article{bella16,
  title = {Collagen Structure: New Tricks from a Very Old Dog},
  author = {Bella, Jordi},
  date = {2016},
  journaltitle = {Biochemical Journal},
  volume = {473},
  number = {8},
  pages = {1001--1025},
  publisher = {{Portland Press Ltd.}},
  isbn = {0264-6021}
}



@article{gattiker_etal02,
  title = {{{FindPept}}, a Tool to Identify Unmatched Masses in Peptide Mass Fingerprinting Protein Identification},
  author = {Gattiker, Alexandre and Bienvenut, Willy V. and Bairoch, Amos and Gasteiger, Elisabeth},
  date = {2002},
  journaltitle = {Proteomics},
  volume = {2},
  number = {10},
  pages = {1435--1444},
  publisher = {{Wiley Online Library}},
  isbn = {1615-9853}
}



@article{schubert_etal17,
  title = {Zonkey: {{A}} Simple, Accurate and Sensitive Pipeline to Genetically Identify Equine {{F1-hybrids}} in Archaeological Assemblages},
  shorttitle = {Zonkey},
  author = {Schubert, Mikkel and Mashkour, Marjan and Gaunitz, Charleen and Fages, Antoine and Seguin-Orlando, Andaine and Sheikhi, Shiva and Alfarhan, Ahmed H. and Alquraishi, Saleh A. and Al-Rasheid, Khaled A. S. and Chuang, Richard and Ermini, Luca and Gamba, Cristina and Weinstock, Jaco and Vedat, Onar and Orlando, Ludovic},
  date = {2017-02-01},
  journaltitle = {Journal of Archaeological Science},
  shortjournal = {Journal of Archaeological Science},
  volume = {78},
  pages = {147--157},
  issn = {0305-4403},
  doi = {10.1016/j.jas.2016.12.005}
}


@article{wilkins_etal97,
  title = {Detailed Peptide Characterization Using {{PEPTIDEMASS}}–a {{World}}‐{{Wide}}‐{{Web}}‐accessible Tool},
  author = {Wilkins, Marc and Lindskog, Ingrid and Gasteiger, Elisabeth and Bairoch, Amos and Sanchez, Jean-Charles and Hochstrasser, Denis F. and Appel, Ron D.},
  date = {1997},
  journaltitle = {Electrophoresis},
  volume = {18},
  pages = {403--408},
  publisher = {{Wiley Online Library}},
  isbn = {0173-0835},
  issue = {3‐4}
}


@article{tipton_etal09,
  title = {Effects of {{pH}} on Enzymes},
  author = {Tipton, Keith F and McDonald, Andrew G and Dixonw, Henry BF},
  date = {2009},
  journaltitle = {Contemporary Enzyme Kinetics and Mechanism: Reliable Lab Solutions},
  shortjournal = {Contemporary Enzyme Kinetics and Mechanism: Reliable Lab Solutions},
  pages = {123},
  publisher = {{Academic Press}},
  issn = {0123847443}
}


@incollection{broderick01,
  title = {Coenzymes and Cofactors},
  booktitle = {{{eLS}}},
  author = {Broderick, Joan},
  date = {2001},
  publisher = {{John Wiley \& Sons, Ltd}},
  doi = {10.1038/npg.els.0000631},
  isbn = {978-0-470-01590-2}
}

@article{hartley60,
  title = {Proteolytic Enzymes},
  author = {Hartley, BS},
  date = {1960},
  journaltitle = {Annual review of biochemistry},
  shortjournal = {Annual review of biochemistry},
  volume = {29},
  number = {1},
  pages = {45--72},
  publisher = {{Annual Reviews 4139 El Camino Way, PO Box 10139, Palo Alto, CA 94303-0139, USA}},
  issn = {0066-4154}
}



@article{ameen_etal21,
  title = {In Search of the ‘Great Horse’: {{A}} Zooarchaeological Assessment of Horses from {{England}} ({{AD}} 300–1650)},
  shorttitle = {In Search of the ‘Great Horse’},
  author = {Ameen, Carly and Benkert, Helene and Fraser, Tamsyn and Gordon, Rebecca and Holmes, Matilda and Johnson, Will and Lauritsen, Malene and Maltby, Mark and Rapp, Karina and Townend, Tess and Baker, Gary Paul and Jones, Laura May and Vo Van Qui, Camille and Webley, Robert and Liddiard, Robert and Sykes, Naomi and Creighton, Oliver H. and Thomas, Richard and Outram, Alan K.},
  date = {2021},
  journaltitle = {International Journal of Osteoarchaeology},
  volume = {31},
  number = {6},
  pages = {1247--1257},
  issn = {1099-1212},
  doi = {10.1002/oa.3038}
}



@article{jaworski_etal20,
  title = {Different {{Approach}} to {{Horses}}—{{The Use}} of {{Equid Remains}} in the {{Early Middle Ages}} on the {{Example}} of {{Ostrów Tumski}} in {{Wroclaw}}},
  author = {Jaworski, Krzysztof and Pankiewicz, Aleksandra and Chrószcz, Aleksander and Poradowski, Dominik},
  date = {2020-12},
  journaltitle = {Animals},
  volume = {10},
  number = {12},
  pages = {2294},
  publisher = {{Multidisciplinary Digital Publishing Institute}},
  issn = {2076-2615},
  doi = {10.3390/ani10122294}
}



@article{rodriguez_etal08,
  title = {Does {{Trypsin Cut Before Proline}}?},
  author = {Rodriguez, Jesse and Gupta, Nitin and Smith, Richard D. and Pevzner, Pavel A.},
  date = {2008-01-01},
  journaltitle = {Journal of Proteome Research},
  shortjournal = {J. Proteome Res.},
  volume = {7},
  number = {1},
  pages = {300--305},
  publisher = {{American Chemical Society}},
  issn = {1535-3893},
  doi = {10.1021/pr0705035}
}



@article{olsen_etal04,
  title = {Trypsin {{Cleaves Exclusively C-terminal}} to {{Arginine}} and {{Lysine Residues}} *},
  author = {Olsen, Jesper V. and Ong, Shao-En and Mann, Matthias},
  date = {2004-06-01},
  journaltitle = {Molecular \& Cellular Proteomics},
  shortjournal = {Molecular \& Cellular Proteomics},
  volume = {3},
  number = {6},
  pages = {608--614},
  publisher = {{Elsevier}},
  issn = {1535-9476, 1535-9484},
  doi = {10.1074/mcp.T400003-MCP200}
}



@article{chuang_bonhomme19,
  title = {Rethinking the Dental Morphological Differences between Domestic Equids},
  author = {Chuang, Richard and Bonhomme, Vincent},
  date = {2019-01-01},
  journaltitle = {Journal of Archaeological Science},
  shortjournal = {Journal of Archaeological Science},
  volume = {101},
  pages = {140--148},
  issn = {0305-4403},
  doi = {10.1016/j.jas.2018.02.020}
}



@book{eisenmann80,
  title = {Les Chevaux ({{Equus}} Sensu Lato) Fossiles et Actuels: Crânes et Dents Jugales Supérieures},
  author = {Eisenmann, Véra},
  date = {1980},
  publisher = {{Éditions du Centre national de la recherche scientifique}},
  isbn = {2-222-02622-9}
}



@article{eisenmann81,
  title = {Etude Des Dents Jugales Inférieures Des {{Equus}} ({{Mammalia}}, {{Perissodactyla}}) Actuels et Fossiles},
  author = {Eisenmann, Véra},
  date = {1981},
  journaltitle = {Palaeovertebrata: revue trimestrielle de paléontologie des vertébrés},
  shortjournal = {Palaeovertebrata: revue trimestrielle de paléontologie des vertébrés},
  volume = {10},
  number = {3},
  pages = {130}
}



@article{eisenmann86,
  title = {Comparative Osteology of Modern and Fossil Horses, Half-Asses, and Asses},
  author = {Eisenmann, Véra},
  date = {1986},
  journaltitle = {Equids in the ancient world},
  shortjournal = {Equids in the ancient world},
  volume = {1},
  pages = {67--116},
  publisher = {{Ludwig Reichert Verlag Wiesbaden}}
}



@article{valente_carvalho14,
  title = {Zooarchaeology in the {{Neolithic}} and {{Chalcolithic}} of {{Southern Portugal}}},
  author = {Valente, Maria João and Carvalho, António Faustino},
  date = {2014-10},
  journaltitle = {Environmental Archaeology},
  volume = {19},
  number = {3},
  pages = {226--240},
  issn = {1461-4103},
  doi = {10.1179/1749631414Y.0000000022}
}



@article{valente_carvalho19,
  title = {Southern {{Portugal Animal Exploitation Systems}}: {{Trends}} and {{Changes}} from {{Neolithic}} to {{Bronze Age}}. {{A Follow-up Overview}}},
  shorttitle = {Southern {{Portugal Animal Exploitation Systems}}},
  author = {Valente, Maria João and Carvalho, António Faustino},
  date = {2019},
  journaltitle = {Environmental Archaeology},
  volume = {27},
  number = {1},
  pages = {31--43},
  publisher = {{Routledge}},
  issn = {1461-4103},
  doi = {10.1080/14614103.2019.1673573}
}



@thesis{aleixo18,
  title = {Estudo Zooarqueológico Do Sítio Do {{Neolítico Final}} Do {{Barranco}} Do {{Xacafre}}, {{Ferreira}} Do {{Alentejo}}},
  author = {Aleixo, Patrícia Alexandra da Silva},
  date = {2018}
}


@article{todd_etal22,
  title = {The Genomic History and Global Expansion of Domestic Donkeys},
  author = {Todd, Evelyn T. and Tonasso-Calvière, Laure and Chauvey, Loreleï and Schiavinato, Stéphanie and Fages, Antoine and Seguin-Orlando, Andaine and Clavel, Pierre and Khan, Naveed and Pérez Pardal, Lucía and Patterson Rosa, Laura and Librado, Pablo and Ringbauer, Harald and Verdugo, Marta and Southon, John and Aury, Jean-Marc and Perdereau, Aude and Vila, Emmanuelle and Marzullo, Matilde and Prato, Ornella and Tecchiati, Umberto and Bagnasco Gianni, Giovanna and Tagliacozzo, Antonio and Tinè, Vincenzo and Alhaique, Francesca and Cardoso, João Luís and Valente, Maria João and Telles Antunes, Miguel and Frantz, Laurent and Shapiro, Beth and Bradley, Daniel G. and Boulbes, Nicolas and Gardeisen, Armelle and Horwitz, Liora Kolska and Öztan, Aliye and Arbuckle, Benjamin S. and Onar, Vedat and Clavel, Benoît and Lepetz, Sébastien and Vahdati, Ali Akbar and Davoudi, Hossein and Mohaseb, Azadeh and Mashkour, Marjan and Bouchez, Olivier and Donnadieu, Cécile and Wincker, Patrick and Brooks, Samantha A. and Beja-Pereira, Albano and Wu, Dong-Dong and Orlando, Ludovic},
  date = {2022},
  journaltitle = {Science},
  volume = {377},
  number = {6611},
  pages = {1172--1180},
  publisher = {{American Association for the Advancement of Science}},
  doi = {10.1126/science.abo3503}
}



@article{sharif_etal22,
  title = {Ancient {{DNA}} Refines Taxonomic Classification of {{Roman}} Equids North of the {{Alps}}, Elaborated with Osteomorphology and Geometric Morphometrics},
  author = {Sharif, Muhammad Bilal and Mohaseb, Azadeh Fatemeh and Zimmermann, Michaela Isabell and Trixl, Simon and Saliari, Konstantina and Kunst, Günther Karl and Cucchi, Thomas and Czeika, Sigrid and Mashkour, Marjan and Orlando, Ludovic and Schaefer, Katrin and Peters, Joris and Mohandesan, Elmira},
  date = {2022},
  journaltitle = {Journal of Archaeological Science},
  volume = {143},
  pages = {105624},
  issn = {0305-4403},
  doi = {10.1016/j.jas.2022.105624}
}


@article{lepetz_etal21,
  title = {Historical Management of Equine Resources in {{France}} from the {{Iron Age}} to the {{Modern Period}}},
  author = {Lepetz, Sébastien and Clavel, Benoît and Alioğlu, Duha and Chauvey, Lorelei and Schiavinato, Stéphanie and Tonasso-Calvière, Laure and Liu, Xuexue and Fages, Antoine and Khan, Naveed and Seguin-Orlando, Andaine and Der Sarkissian, Clio and Clavel, Pierre and Estrada, Oscar and Gaunitz, Charleen and Aury, Jean-Marc and Barme, Maude and Boulbes, Nicolas and Bourgois, Alice and Decanter, Franck and Foucras, Sylvain and Frère, Stéphane and Gardeisen, Armelle and Jouanin, Gaëtan and Méla, Charlotte and Morand, Nicolas and Nieto Espinet, Ariadna and Perdereau, Aude and Putelat, Olivier and Rivière, Julie and Robin, Opale and Salin, Marilyne and Valenzuela-Lamas, Silvia and Vallet, Christian and Yvinec, Jean-Hervé and Wincker, Patrick and Orlando, Ludovic},
  date = {2021},
  journaltitle = {Journal of Archaeological Science: Reports},
  volume = {40},
  pages = {103250},
  issn = {2352-409X},
  doi = {10.1016/j.jasrep.2021.103250}
}


@article{ruther_etal22,
  title = {{{SPIN}} Enables High Throughput Species Identification of Archaeological Bone by Proteomics},
  author = {Rüther, Patrick Leopold and Husic, Immanuel Mirnes and Bangsgaard, Pernille and Gregersen, Kristian Murphy and Pantmann, Pernille and Carvalho, Milena and Godinho, Ricardo Miguel and Friedl, Lukas and Cascalheira, João and Taurozzi, Alberto John},
  date = {2022},
  journaltitle = {Nature communications},
  volume = {13},
  number = {1},
  pages = {1--14},
  publisher = {{Nature Publishing Group}},
  doi = {10.1038/s41467-022-30097-x},
  isbn = {2041-1723}
}


@article{anthis_clore13,
  title = {Sequence‐specific Determination of Protein and Peptide Concentrations by Absorbance at 205 Nm},
  author = {Anthis, Nicholas J. and Clore, G. Marius},
  date = {2013},
  journaltitle = {Protein Science},
  volume = {22},
  number = {6},
  pages = {851--858},
  publisher = {{Wiley Online Library}},
  doi = {10.1002/pro.2253},
  isbn = {0961-8368}
}


@article{brown_etal21a,
  title = {Zooarchaeology through the Lens of Collagen Fingerprinting at {{Denisova Cave}}},
  author = {Brown, Samantha and Wang, Naihui and Oertle, Annette and Kozlikin, Maxim B. and Shunkov, Michael V. and Derevianko, Anatoly P. and Comeskey, Daniel and Jope-Street, Blair and Harvey, Virginia L. and Chowdhury, Manasij Pal and Buckley, Michael and Higham, Thomas and Douka, Katerina},
  date = {2021-07-29},
  journaltitle = {Scientific Reports},
  shortjournal = {Scientific Reports},
  volume = {11},
  number = {1},
  pages = {15457},
  issn = {2045-2322},
  doi = {10.1038/s41598-021-94731-2}
}


@article{harvey_etal18,
  title = {Species Identification of Ancient {{Lithuanian}} Fish Remains Using Collagen Fingerprinting},
  author = {Harvey, Virginia L. and Daugnora, Linas and Buckley, Michael},
  date = {2018-10-01},
  journaltitle = {Journal of Archaeological Science},
  shortjournal = {Journal of Archaeological Science},
  volume = {98},
  pages = {102--111},
  issn = {0305-4403},
  doi = {10.1016/j.jas.2018.07.006}
}


@article{brandt_etal14,
  title = {Species {{Identification}} of {{Archaeological Skin Objects}} from {{Danish Bogs}}: {{Comparison}} between {{Mass Spectrometry-Based Peptide Sequencing}} and {{Microscopy-Based Methods}}},
  author = {Brandt, Luise Ørsted and Schmidt, Anne Lisbeth and Mannering, Ulla and Sarret, Mathilde and Kelstrup, Christian D. and Olsen, Jesper V. and Cappellini, Enrico},
  date = {2014-09-26},
  journaltitle = {PLOS ONE},
  shortjournal = {PLOS ONE},
  volume = {9},
  number = {9},
  pages = {e106875},
  publisher = {{Public Library of Science}},
  doi = {10.1371/journal.pone.0106875}
}



